@misc{Pelican,
	title={Documentation de Pelican},
	howpublished="\url{http://docs.getpelican.com/en/stable/}",
	note={(consulté le 14/11/17)}
}
 
 
@misc{Lektor,
	title={Page d'accueil de Lektor},
	howpublished="\url{ https://www.getlektor.com/}",
	note={(consulté le 14/11/17)}
}

@misc{Jekyll,
	title={Présentation de Jekyll},
	howpublished="\url{https://jekyllrb.com/}",
	note={(consulté le 14/11/17)}
}

@misc{Jinja2,
	title={Page d'accueil de Jinja2},
	howpublished="\url{http://jinja.pocoo.org/}",
	note={(consulté le 31/12/17)}
}
